@ONLINE {tfg08b,
    author = "Luis Sánchez",
    title  = "Directrices de organización del documento final del Trabajo Fin de Grado Tareas Científico-Técnicas",
    month  = "apr",
    year   = "2013",
    url    = "https://campusvirtual.uclm.es/mod/resource/view.php?id=1082293"
}
@ONLINE {andrewlittlefield2016,
    author = "Andrew Littlefield",
    title  = "The Beginner’s Guide To Scrum And Agile Project Management",
    month  = "sep",
    year   = "2016",
    url    = "https://blog.trello.com/beginners-guide-scrum-and-agile-project-management"
}
@ONLINE {scrumguide,
    author = "Ken Schwaber and Jeff Sutherland",
    title  = "The Scrum Guide\texttrademark{} -- The Definitive Guide to Scrum: The Rules of the Game",
    month  = "jul",
    year   = "2016",
    url    = "http://www.scrumguides.org/docs/scrumguide/v2016/2016-Scrum-Guide-US.pdf"
}
@BOOK {scottchaconbenstraub2018,
    author    = "Scott Chacon and Ben Straub",
    title     = "{Pro Git v. 2.1.78}",
    publisher = "APress",
    year      = "2018",
    edition   = "second",
    month     = "jul",
    url      = "https://git-scm.com/book/en/v2"
}